% Encoding: UTF-8

@inproceedings{alt,
  author = {Goldberg, Andrew V. and Harrelson, Chris},
  title = {Computing the Shortest Path: A Search Meets Graph Theory},
  booktitle = {Proceedings of the Sixteenth Annual ACM-SIAM Symposium on Discrete Algorithms},
  series = {SODA '05},
  year = {2005},
  isbn = {0-89871-585-7},
  location = {Vancouver, British Columbia},
  pages = {156--165},
  numpages = {10},
  url = {http://dl.acm.org/citation.cfm?id=1070432.1070455},
  acmid = {1070455},
  publisher = {Society for Industrial and Applied Mathematics},
  address = {Philadelphia, PA, USA},
}

@article{csa,
  author    = {Julian Dibbelt and
               Thomas Pajor and
               Ben Strasser and
               Dorothea Wagner},
  title     = {Connection Scan Algorithm},
  journal   = {CoRR},
  volume    = {abs/1703.05997},
  year      = {2017},
  url       = {http://arxiv.org/abs/1703.05997},
  archivePrefix = {arXiv},
  eprint    = {1703.05997},
  timestamp = {Wed, 07 Jun 2017 14:42:37 +0200},
  biburl    = {https://dblp.org/rec/bib/journals/corr/DibbeltPSW17},
  bibsource = {dblp computer science bibliography, https://dblp.org}
}

@book{dijkstra,
  author = {Cormen, Thomas H. and Leiserson, Charles E. and Rivest, Ronald L. and Stein, Clifford},
  title = {Introduction to Algorithms, Third Edition},
  year = {2009},
  isbn = {0262033844, 9780262033848},
  edition = {3rd},
  publisher = {The MIT Press},
}

@misc{cobweb,
	author = "Tischner, Daniel",
	title = "Cobweb",
	year = "2018",
	publisher = "GitHub",
	journal = "GitHub repository",
	howpublished = "\url{https://github.com/ZabuzaW/Cobweb}",
	commit = "77fcc50324bc1c52866e23b17b74b0a3837d9d87"
}

@article{equiRectProjection,
  author = {P. Snyder, John},
  year = {1994},
  month = {10},
  pages = {},
  title = {Flattening the Earth: Two Thousand Years of Map Projections},
  booktitle = {Bibliovault OAI Repository, the University of Chicago Press}
}

@article{haversine,
  ISSN = {00029890, 19300972},
  URL = {http://www.jstor.org/stable/2309088},
  author = {C. C. Robusto},
  journal = {The American Mathematical Monthly},
  number = {1},
  pages = {38--40},
  publisher = {Mathematical Association of America},
  title = {The Cosine-Haversine Formula},
  volume = {64},
  year = {1957}
}